<record><leader>00000cas a22000007a 4500</leader><controlfield tag="001">12303522</controlfield><controlfield tag="008">850725d18651874mouwr ne      0    0eng d</controlfield><datafield ind1=" " ind2=" " tag="010"><subfield code="a">sn 85033877 </subfield></datafield><datafield ind1=" " ind2=" " tag="040"><subfield code="a">NPU</subfield><subfield code="b">eng</subfield><subfield code="c">NPU</subfield><subfield code="d">NPX</subfield><subfield code="d">YOX</subfield><subfield code="d">OCLCQ</subfield></datafield><datafield ind1=" " ind2=" " tag="042"><subfield code="a">msc</subfield></datafield><datafield ind1="0" ind2=" " tag="130"><subfield code="a">Marble City news (Cape Girardeau, Mo.)</subfield></datafield><datafield ind1="1" ind2="0" tag="245"><subfield code="a">Marble City news.</subfield></datafield><datafield ind1=" " ind2=" " tag="260"><subfield code="a">Cape Girardeau, Mo. :</subfield><subfield code="b">A.M. Casebolt</subfield></datafield><datafield ind1=" " ind2=" " tag="300"><subfield code="a">v. ;</subfield><subfield code="c">71 cm.</subfield></datafield><datafield ind1=" " ind2=" " tag="310"><subfield code="a">Weekly</subfield></datafield><datafield ind1="1" ind2=" " tag="362"><subfield code="a">Began in 1865; ceased in 1874?</subfield><subfield code="z">Cf. Gregory, W. Amer. newspapers.</subfield></datafield><datafield ind1=" " ind2=" " tag="550"><subfield code="a">"Official organ for Cape Girardeau County."</subfield></datafield><datafield ind1=" " ind2=" " tag="588"><subfield code="a">Description based on: Vol. 8, no. 12 (Feb. 12, 1873).</subfield></datafield><datafield ind1=" " ind2=" " tag="752"><subfield code="a">United States</subfield><subfield code="b">Missouri</subfield><subfield code="c">Cape Girardeau</subfield><subfield code="d">Cape Girardeau.</subfield></datafield><datafield ind1="0" ind2="0" tag="785"><subfield code="t">Cape Girardeau news</subfield><subfield code="w">(DLC)sn 86053962</subfield></datafield></record>